@book{mcnamee2007numerical,
  title={Numerical Methods for Roots of Polynomials -},
  author={McNamee, J.M.},
  number={pkt 1},
  isbn={9780080489476},
  series={Studies in Computational Mathematics},
  url={https://books.google.pl/books?id=4PMqxwG-eqQC},
  year={2007},
  publisher={Elsevier Science}
}

@misc{Warmus_Mieczysław_(1918-2007)_Metody,
 author={Warmus, Mieczysław (1918-2007) and Łukaszewicz, Józef (1927- )},
 title={Metody numeryczne i graficzne. Cz. 1},
 language={pol},
 type={książka},
 publisher={Warszawa : Państwowe Wydawnictwo Naukowe},
 keywords={teoria błędów, metody numeryczne, metody graficzne},
}